@inproceedings{bgslibrary,
author    = {Sobral, Andrews},
title     = {{BGSLibrary}: An OpenCV C++ Background Subtraction Library},
booktitle = {IX Workshop de Vis√£o Computacional (WVC'2013)},
address   = {Rio de Janeiro, Brazil},
year      = {2013},
month     = {Jun},
url       = {https://github.com/andrewssobral/bgslibrary}
}
